[gd_scene load_steps=16 format=2]

[ext_resource path="res://TestResources/TestMaterial.tres" type="Material" id=1]
[ext_resource path="res://Events/Marathon/TestRunner.tscn" type="PackedScene" id=2]
[ext_resource path="res://Events/Marathon/Resources/HUD.gd" type="Script" id=3]
[ext_resource path="res://Events/Marathon/Resources/Coin.tscn" type="PackedScene" id=4]
[ext_resource path="res://Events/Marathon/Rocks/TallRock.tscn" type="PackedScene" id=5]
[ext_resource path="res://Events/Marathon/Rocks/SmallRock.tscn" type="PackedScene" id=6]
[ext_resource path="res://Events/Marathon/Trees/SmoothPalmTree.tscn" type="PackedScene" id=7]
[ext_resource path="res://Events/Marathon/Trees/SharpPalmTree.tscn" type="PackedScene" id=8]
[ext_resource path="res://Events/Marathon/Resources/TrackRail.gd" type="Script" id=9]
[ext_resource path="res://Events/Marathon/Signs/Sign.tscn" type="PackedScene" id=10]

[sub_resource type="ProceduralSky" id=1]

[sub_resource type="Environment" id=2]
background_mode = 2
background_sky = SubResource( 1 )
ambient_light_energy = 0.47

[sub_resource type="PlaneMesh" id=3]
size = Vector2( 100, 100 )

[sub_resource type="BoxShape" id=4]
extents = Vector3( 50, 1, 50 )

[sub_resource type="Curve3D" id=5]
_data = {
"points": PoolVector3Array( 0, 0, 0, 0, 0, 0, 0, 0, 0, 0, 0, 0, 0, 0, 0, 2, 0, -697 ),
"tilts": PoolRealArray( 0, 0 )
}

[node name="MarathonTest" type="Spatial"]

[node name="WorldEnvironment" type="WorldEnvironment" parent="."]
environment = SubResource( 2 )

[node name="DirectionalLight" type="DirectionalLight" parent="WorldEnvironment"]
transform = Transform( 0.982713, 0.0249821, 0.183442, -0.176866, -0.166139, 0.970111, 0.0547123, -0.985786, -0.158849, 0, 14.7662, 0 )
shadow_enabled = true

[node name="Floor" type="StaticBody" parent="."]
transform = Transform( 20, 0, 0, 0, 20, 0, 0, 0, 20, 0, 0, -800 )
input_ray_pickable = false
collision_mask = 2
__meta__ = {
"_edit_group_": true,
"_edit_lock_": true
}

[node name="MeshInstance" type="MeshInstance" parent="Floor"]
mesh = SubResource( 3 )
material/0 = ExtResource( 1 )

[node name="CollisionShape" type="CollisionShape" parent="Floor"]
transform = Transform( 1, 0, 0, 0, 1, 0, 0, 0, 1, 0, -1, 0 )
shape = SubResource( 4 )

[node name="HUD" type="CanvasLayer" parent="."]
script = ExtResource( 3 )

[node name="Coins" type="HBoxContainer" parent="HUD"]
margin_right = 40.0
margin_bottom = 40.0
__meta__ = {
"_edit_use_anchors_": false
}

[node name="CoinsLabel" type="Label" parent="HUD/Coins"]
margin_top = 13.0
margin_right = 39.0
margin_bottom = 27.0
text = "Coins:"

[node name="CoinsCounter" type="Label" parent="HUD/Coins"]
margin_left = 43.0
margin_top = 13.0
margin_right = 59.0
margin_bottom = 27.0
text = "99"
align = 1

[node name="Coins_Section" type="Spatial" parent="."]
transform = Transform( 1, 0, 0, 0, 1, 0, 0, 0, 1, 0, 0, -46.5417 )

[node name="Coin" parent="Coins_Section" instance=ExtResource( 4 )]
transform = Transform( 1, 0, 0, 0, 1, 0, 0, 0, 1, -4.54071, 0.781893, -3.45437 )

[node name="Coin2" parent="Coins_Section" instance=ExtResource( 4 )]
transform = Transform( 1, 0, 0, 0, 1, 0, 0, 0, 1, -4.46693, 0.781893, -6.65936 )

[node name="Coin3" parent="Coins_Section" instance=ExtResource( 4 )]
transform = Transform( 1, 0, 0, 0, 1, 0, 0, 0, 1, -4.09869, 0.458345, -11.7455 )

[node name="Coin4" parent="Coins_Section" instance=ExtResource( 4 )]
transform = Transform( 1, 0, 0, 0, 1, 0, 0, 0, 1, 5.63173, 4.99749, -38.2471 )

[node name="Coin5" parent="Coins_Section" instance=ExtResource( 4 )]
transform = Transform( 1, 0, 0, 0, 1, 0, 0, 0, 1, 5.63173, 4.99749, -44.0773 )

[node name="Coin6" parent="Coins_Section" instance=ExtResource( 4 )]
transform = Transform( 1, 0, 0, 0, 1, 0, 0, 0, 1, 5.63173, 4.99749, -41.0773 )

[node name="Coin7" parent="Coins_Section" instance=ExtResource( 4 )]
transform = Transform( 1, 0, 0, 0, 1, 0, 0, 0, 1, 5.63173, 4.99749, -54.7043 )

[node name="Coin8" parent="Coins_Section" instance=ExtResource( 4 )]
transform = Transform( 1, 0, 0, 0, 1, 0, 0, 0, 1, 5.63173, 4.99749, -57.3373 )

[node name="Trees_Section" type="Spatial" parent="."]
transform = Transform( 1, 0, 0, 0, 1, 0, 0, 0, 1, 0, 0, -112.167 )

[node name="SharpPalmTree" parent="Trees_Section" instance=ExtResource( 8 )]
transform = Transform( 1, 0, 0, 0, 1, 0, 0, 0, 1, -4.61984, -0.0155919, -110.67 )

[node name="SharpPalmTree2" parent="Trees_Section" instance=ExtResource( 8 )]
transform = Transform( 1, 0, 0, 0, 1, 0, 0, 0, 1, -2.97258, -0.0771306, -114.078 )

[node name="SharpPalmTree5" parent="Trees_Section" instance=ExtResource( 8 )]
transform = Transform( 1, 0, 0, 0, 1, 0, 0, 0, 1, -0.877369, -0.56915, -117.114 )

[node name="SharpPalmTree3" parent="Trees_Section" instance=ExtResource( 8 )]
transform = Transform( 1, 0, 0, 0, 1, 0, 0, 0, 1, 8.31635, -0.0155919, -132.017 )

[node name="SharpPalmTree4" parent="Trees_Section" instance=ExtResource( 8 )]
transform = Transform( 1, 0, 0, 0, 1, 0, 0, 0, 1, 5.40232, -1.6147, -136.387 )

[node name="SharpPalmTree6" parent="Trees_Section" instance=ExtResource( 8 )]
transform = Transform( 1, 0, 0, 0, 1, 0, 0, 0, 1, 5.62581, 0.353396, -139.388 )

[node name="SmoothPalmTree" parent="Trees_Section" instance=ExtResource( 7 )]
transform = Transform( 1, 0, 0, 0, 1, 0, 0, 0, 1, 5.83463, -0.0368896, -4.9901 )

[node name="SmoothPalmTree2" parent="Trees_Section" instance=ExtResource( 7 )]
transform = Transform( 1, 0, 0, 0, 1, 0, 0, 0, 1, -4.97441, -0.00922542, -22.9428 )

[node name="SmoothPalmTree3" parent="Trees_Section" instance=ExtResource( 7 )]
transform = Transform( 1, 0, 0, 0, 1, 0, 0, 0, 1, 1.9478, 0.0522828, -43.4859 )

[node name="SmoothPalmTree4" parent="Trees_Section" instance=ExtResource( 7 )]
transform = Transform( 1, 0, 0, 0, 1, 0, 0, 0, 1, 8.79606, 0.051001, -63.2115 )

[node name="RockSection" type="Spatial" parent="."]
transform = Transform( 1, 0, 0, 0, 1, 0, 0, 0, 1, 0, 0, -282.754 )

[node name="TallRock" parent="RockSection" instance=ExtResource( 5 )]
transform = Transform( 1, 0, 0, 0, 1, 0, 0, 0, 1, -5.21593, 0, -53.9419 )

[node name="TallRock2" parent="RockSection" instance=ExtResource( 5 )]
transform = Transform( 1, 0, 0, 0, 1, 0, 0, 0, 1, -2.79039, 0, -53.9419 )

[node name="TallRock3" parent="RockSection" instance=ExtResource( 5 )]
transform = Transform( 1, 0, 0, 0, 1, 0, 0, 0, 1, -0.144354, 0, -53.9419 )

[node name="TallRock4" parent="RockSection" instance=ExtResource( 5 )]
transform = Transform( 1, 0, 0, 0, 1, 0, 0, 0, 1, 1.91367, 0, -67.2321 )

[node name="TallRock5" parent="RockSection" instance=ExtResource( 5 )]
transform = Transform( 1, 0, 0, 0, 1, 0, 0, 0, 1, 4.33921, 0, -67.2321 )

[node name="TallRock6" parent="RockSection" instance=ExtResource( 5 )]
transform = Transform( 1, 0, 0, 0, 1, 0, 0, 0, 1, 6.98525, 0, -67.2321 )

[node name="TallRock7" parent="RockSection" instance=ExtResource( 5 )]
transform = Transform( 1, 0, 0, 0, 1, 0, 0, 0, 1, -6.17144, 0, -80.9031 )

[node name="TallRock8" parent="RockSection" instance=ExtResource( 5 )]
transform = Transform( 1, 0, 0, 0, 1, 0, 0, 0, 1, -3.74591, 0, -83.8019 )

[node name="TallRock9" parent="RockSection" instance=ExtResource( 5 )]
transform = Transform( 1, 0, 0, 0, 1, 0, 0, 0, 1, -1.09987, 0, -86.7008 )

[node name="TallRock10" parent="RockSection" instance=ExtResource( 5 )]
transform = Transform( 1, 0, 0, 0, 1, 0, 0, 0, 1, 2.36628, 0, -102.961 )

[node name="TallRock11" parent="RockSection" instance=ExtResource( 5 )]
transform = Transform( 1, 0, 0, 0, 1, 0, 0, 0, 1, 4.79182, 0, -99.7846 )

[node name="TallRock12" parent="RockSection" instance=ExtResource( 5 )]
transform = Transform( 1, 0, 0, 0, 1, 0, 0, 0, 1, 7.43785, 0, -96.4887 )

[node name="SmallRock" parent="RockSection" instance=ExtResource( 6 )]
transform = Transform( 1, 0, 0, 0, 1, 0, 0, 0, 1, 6.11309, 0, -3.73492 )

[node name="SmallRock2" parent="RockSection" instance=ExtResource( 6 )]
transform = Transform( 1, 0, 0, 0, 1, 0, 0, 0, 1, 4.01314, 0, -3.73492 )

[node name="SmallRock3" parent="RockSection" instance=ExtResource( 6 )]
transform = Transform( 1, 0, 0, 0, 1, 0, 0, 0, 1, 1.71322, 0, -3.73492 )

[node name="SmallRock7" parent="RockSection" instance=ExtResource( 6 )]
transform = Transform( 1, 0, 0, 0, 1, 0, 0, 0, 1, 6.11309, 0, -31.4448 )

[node name="SmallRock8" parent="RockSection" instance=ExtResource( 6 )]
transform = Transform( 1, 0, 0, 0, 1, 0, 0, 0, 1, 4.01314, 0, -31.4448 )

[node name="SmallRock9" parent="RockSection" instance=ExtResource( 6 )]
transform = Transform( 1, 0, 0, 0, 1, 0, 0, 0, 1, 1.71322, 0, -31.4448 )

[node name="SmallRock10" parent="RockSection" instance=ExtResource( 6 )]
transform = Transform( 1, 0, 0, 0, 1, 0, 0, 0, 1, -0.575508, 0, -31.4448 )

[node name="SmallRock11" parent="RockSection" instance=ExtResource( 6 )]
transform = Transform( 1, 0, 0, 0, 1, 0, 0, 0, 1, -2.67545, 0, -31.4448 )

[node name="SmallRock12" parent="RockSection" instance=ExtResource( 6 )]
transform = Transform( 1, 0, 0, 0, 1, 0, 0, 0, 1, -4.97538, 0, -31.4448 )

[node name="SmallRock13" parent="RockSection" instance=ExtResource( 6 )]
transform = Transform( 1, 0, 0, 0, 1, 0, 0, 0, 1, 6.11309, 0, -44.4084 )

[node name="SmallRock14" parent="RockSection" instance=ExtResource( 6 )]
transform = Transform( 1, 0, 0, 0, 1, 0, 0, 0, 1, 4.01314, 0, -44.4084 )

[node name="SmallRock15" parent="RockSection" instance=ExtResource( 6 )]
transform = Transform( 1, 0, 0, 0, 1, 0, 0, 0, 1, 1.71322, 0, -44.4084 )

[node name="SmallRock16" parent="RockSection" instance=ExtResource( 6 )]
transform = Transform( 1, 0, 0, 0, 1, 0, 0, 0, 1, -0.575508, 0, -44.4084 )

[node name="SmallRock17" parent="RockSection" instance=ExtResource( 6 )]
transform = Transform( 1, 0, 0, 0, 1, 0, 0, 0, 1, -2.67545, 0, -44.4084 )

[node name="SmallRock18" parent="RockSection" instance=ExtResource( 6 )]
transform = Transform( 1, 0, 0, 0, 1, 0, 0, 0, 1, -4.97538, 0, -44.4084 )

[node name="SmallRock4" parent="RockSection" instance=ExtResource( 6 )]
transform = Transform( 1, 0, 0, 0, 1, 0, 0, 0, 1, -1.13304, 0, -20.9378 )

[node name="SmallRock5" parent="RockSection" instance=ExtResource( 6 )]
transform = Transform( 1, 0, 0, 0, 1, 0, 0, 0, 1, -3.2793, 0, -19.5483 )

[node name="SmallRock6" parent="RockSection" instance=ExtResource( 6 )]
transform = Transform( 1, 0, 0, 0, 1, 0, 0, 0, 1, -5.53291, 0, -17.8808 )

[node name="Track" type="Path" parent="."]
curve = SubResource( 5 )

[node name="TrackRail" type="PathFollow" parent="Track"]
cubic_interp = false
loop = false
script = ExtResource( 9 )
speed = 30.0

[node name="TestRunner" parent="Track/TrackRail" instance=ExtResource( 2 )]
transform = Transform( 1, 0, 0, 0, 1, 0, 0, 0, 1, 0, 0.0158508, 0.041728 )
input_ray_pickable = false
walking_speed = 18.0
jump_impulse = 35.0
gravity_scale = 0.25
input_step = 0.3

[node name="Camera" type="Camera" parent="Track/TrackRail"]
transform = Transform( 1, 0, 0, 0, 0.999818, -0.0190753, 0, 0.0190753, 0.999818, 0, 3.04262, 8.6658 )
fov = 50.0
near = 0.01

[node name="Signs section" type="Spatial" parent="."]

[node name="Sign" parent="Signs section" instance=ExtResource( 10 )]
transform = Transform( 1, 0, 0, 0, 1, 0, 0, 0, 1, 0, 0, -405 )

[node name="Sign2" parent="Signs section" instance=ExtResource( 10 )]
transform = Transform( 1, 0, 0, 0, 1, 0, 0, 0, 1, 0, 0, -413 )

[node name="Sign3" parent="Signs section" instance=ExtResource( 10 )]
transform = Transform( 1, 0, 0, 0, 1, 0, 0, 0, 1, 0.1, 3.8, -421 )

[node name="Sign4" parent="Signs section" instance=ExtResource( 10 )]
transform = Transform( 1, 0, 0, 0, 1, 0, 0, 0, 1, 0.1, 3.8, -430 )

[node name="Sign5" parent="Signs section" instance=ExtResource( 10 )]
transform = Transform( 1, 0, 0, 0, 1, 0, 0, 0, 1, 0.1, 3.8, -442.152 )

[node name="Sign6" parent="Signs section" instance=ExtResource( 10 )]
transform = Transform( 1, 0, 0, 0, 1, 0, 0, 0, 1, 0.1, 3.8, -451.152 )

[node name="Sign7" parent="Signs section" instance=ExtResource( 10 )]
transform = Transform( 1, 0, 0, 0, 1, 0, 0, 0, 1, 0.1, 3.8, -466.537 )

[node name="Sign8" parent="Signs section" instance=ExtResource( 10 )]
transform = Transform( 1, 0, 0, 0, 1, 0, 0, 0, 1, 0.1, 3.8, -475.537 )

[connection signal="coins_updated" from="Track/TrackRail/TestRunner" to="HUD" method="_on_coins_updated"]
